
@article{gelman2002,
	title = {Let's practice what we preach: Turning tables into graphs},
	author = {{Gelman}, {Andrew} and {Pasarica}, {Cristian} and {Dodhia}, {Rahul}},
	year = {2002},
	month = {05},
	date = {2002-05},
	journal = {The American Statistician},
	pages = {121--130},
	volume = {56},
	number = {2},
	doi = {10.1198/000313002317572790},
	url = {http://www.tandfonline.com/doi/abs/10.1198/000313002317572790},
	langid = {en}
}
